@article{NO2reg,
  title={Land use regression as method to model air pollution. Previous results for Gothenburg/Sweden},
  author={Habermann, Mateus and Billger, Monica and Haeger-Eugensson, Marie},
  journal={Procedia Engineering},
  volume={115},
  pages={21--28},
  year={2015},
  publisher={Elsevier}
}

@article{PMreg,
  title={A land use regression model for ambient ultrafine particles in Montreal, Canada: A comparison of linear regression and a machine learning approach},
  author={Weichenthal, Scott and Van Ryswyk, Keith and Goldstein, Alon and Bagg, Scott and Shekkarizfard, Maryam and Hatzopoulou, Marianne},
  journal={Environmental research},
  volume={146},
  pages={65--72},
  year={2016},
  publisher={Elsevier}
}

@misc{pollutionWebsite1,
  title = {Information about paris pollution},
  howpublished = {\url{http://www.airqualitynow.eu/city_info/paris/page1.php}}
}

@misc{pollutionWebsite2,
  howpublished = {\url{http://www.chroniques-cartographiques.fr}}
}
